<?xml version="1.0" encoding="UTF-8"?><collection xmlns="http://www.loc.gov/MARC21/slim"><record><leader>00599nam--2200193-i-4500</leader><controlfield tag="001">000045822</controlfield><controlfield tag="002">20161230</controlfield><controlfield tag="005">20161230201045</controlfield><controlfield tag="008">060222s1000------------r-----000-0-rum-d</controlfield><datafield ind1=" " ind2=" " tag="040"><subfield code="a">IFIN-HH</subfield></datafield><datafield ind1=" " ind2=" " tag="041"><subfield code="a">rum</subfield></datafield><datafield ind1=" " ind2=" " tag="080"><subfield code="a">539.184.26(043):539.122</subfield></datafield><datafield ind1="1" ind2=" " tag="100"><subfield code="a">Vajda, Stefan</subfield></datafield><datafield ind1="1" ind2="0" tag="245"><subfield code="a">Studii de spectroscopie nucleara si interactie hiperfina utilizind nucleul 115tt</subfield><subfield code="b">Teza</subfield><subfield code="c">Stefan vajda</subfield></datafield><datafield ind1=" " ind2=" " tag="260"><subfield code="a">Bucuresti</subfield><subfield code="b">Institutul De Fizica Si Inginerie Nucleara</subfield><subfield code="c">1978</subfield></datafield><datafield ind1=" " ind2=" " tag="300"><subfield code="a">149P</subfield></datafield><datafield ind1=" " ind2=" " tag="502"><subfield code="a">Conducator Stiintific: Dr.E.A. Ivanov</subfield></datafield><datafield ind1=" " ind2=" " tag="852"><subfield code="a">47422</subfield><subfield code="c">539.18</subfield></datafield><datafield ind1=" " ind2=" " tag="CAT"><subfield code="a">Sys</subfield><subfield code="c">20120704</subfield><subfield code="h">161723</subfield></datafield></record></collection>